@ARTICLE{Gold1996,
author={Gold, S. and Rangarajan, A.},
journal={Pattern Analysis and Machine Intelligence, IEEE Transactions on},
title={A graduated assignment algorithm for graph matching},
year={1996},
month={Apr},
volume={18},
number={4},
pages={377-388},
keywords={computational complexity;graph theory;image matching;matrix algebra;optimisation;attributed relational graph matching;computational complexity;graduated assignment algorithm;graduated nonconvexity;graph matching;relaxation labeling algorithm;sparsity;subgraph isomorphism;two-way constraints;weighted graph matching;Computational complexity;Computer vision;Focusing;Gold;Heart;Helium;Labeling;Noise robustness;Optimization methods;Polynomials},
doi={10.1109/34.491619},
ISSN={0162-8828},}

@article{sinkhorn1964,
author = "Sinkhorn, Richard",
doi = "10.1214/aoms/1177703591",
fjournal = "The Annals of Mathematical Statistics",
journal = "Ann. Math. Statist.",
month = "06",
number = "2",
pages = "876--879",
publisher = "The Institute of Mathematical Statistics",
title = "A Relationship Between Arbitrary Positive Matrices and Doubly Stochastic Matrices",
url = "http://dx.doi.org/10.1214/aoms/1177703591",
volume = "35",
year = "1964"
}
