@InProceedings{Marton09ICRA,
  author    = {Zoltan Csaba Marton and Radu Bogdan Rusu and Michael Beetz},
  title     = {{On Fast Surface Reconstruction Methods for Large and Noisy Datasets}},
  booktitle = {Proceedings of the IEEE International Conference on Robotics and Automation (ICRA)},
  month     = {May 12-17},
  year      = {2009},
  address   = {Kobe, Japan},
}
